@article{fang2019positron,
  title={Positron annihilation lifetime spectroscopy using fast scintillators and digital electronics},
  journal={Nuclear Instruments and Methods in Physics Research Section A: Accelerators, Spectrometers, Detectors and Associated Equipment},
  year={2019}
}

@article{PGET20200706,
  title={Quantitative imaging and automated fuel pin identification for passive gamma emission tomography},
  journal={Scientific reports},
  year={2021}
}

@article{rebei2020quantitative,
  title={Quantitative and three-dimensional assessment of holdup material},
  journal={Nuclear Instruments and Methods in Physics Research Section A: Accelerators, Spectrometers, Detectors and Associated Equipment},
  year={2020}
}

@article{liu2021neutron,
  title={Neutron tomography of spent fuel casks},
  journal={Journal of Signal Processing Systems},
  year={2021}
}

@article{eldaly2021bayesian,
  title={Bayesian Activity Estimation and Uncertainty Quantification of Spent Nuclear Fuel Using Passive Gamma Emission Tomography},
  journal={Journal of Imaging},
  year={2021}
}

@article{bcs2022,
title = {Boron coated straw-based neutron multiplicity counter for neutron interrogation of TRISO fueled pebbles},
journal = {Annals of Nuclear Energy},
year = {2023}
}

@article{bcs2023,
title = {Feasibility of neutron coincidence counting for spent TRISO fuel},
journal = {Annals of Nuclear Energy},
year = {2023}
}

@article{pebble_ide_2023,
  title={Rotation-invariant rapid TRISO-fueled pebble identification based on feature matching and point cloud registration},
  journal={Annals of Nuclear Energy},
  year={2024}
}

@article{leland2024enabling,
  title={Enabling pulse shape discrimination with commercial ASICs},
  journal={Nuclear Instruments and Methods in Physics Research Section A: Accelerators, Spectrometers, Detectors and Associated Equipment},
  year={2024}
}

@article{weiss2021effect,
      title={Effect of natural gamma background radiation on portal monitor radioisotope unmixing}, 
      journal={Nuclear Instruments and Methods in Physics Research Section A: Accelerators, Spectrometers, Detectors and Associated Equipment},
      year={2021}
}

@article{gmvae_psd_2023,
title={A variational autoencoder for minimally-supervised pulse shape discrimination},
  journal={Annals of Nuclear Energy},
  year={2024}
}