@article{fang2019positron,
  title={Positron annihilation lifetime spectroscopy using fast scintillators and digital electronics},
  author={\textbf{Fang}, \textbf{Ming} and Bartholomew, Nathan and {Di Fulvio}, Angela},
  journal={Nuclear Instruments and Methods in Physics Research Section A: Accelerators, Spectrometers, Detectors and Associated Equipment},
  volume={943},
  pages={162507},
  year={2019},
  publisher={Elsevier}
}

@inproceedings{fang2019timing,
  title={Timing Performance of Organic Scintillators for Positron Annihilation Lifetime Spectroscopy},
  author={\textbf{Fang}, \textbf{Ming} and Bartholomew, Nathan and {Di Fulvio}, Angela},
  booktitle={2019 IEEE Nuclear Science Symposium and Medical Imaging Conference (NSS/MIC)},
  pages={1--5},
  organization={IEEE}
}

@article{PGET20200706,
  title={Quantitative imaging and automated fuel pin identification for passive gamma emission tomography},
  author={\textbf{Ming Fang} and Yoann Altmann and Daniele Della Latta and Massimiliano Salvatori and Angela {Di Fulvio}},
  journal={Scientific reports},
  doi = {10.1038/s41598-021-82031-8},
  volume={11},
  number={1},
  pages={1--11},
  year={2021},
  publisher={Nature Publishing Group}
}

@article{rebei2020quantitative,
  title={Quantitative and three-dimensional assessment of holdup material},
  author={Rebei, Noah and \textbf{Fang}, \textbf{Ming} and {Di Fulvio}, Angela},
  journal={Nuclear Instruments and Methods in Physics Research Section A: Accelerators, Spectrometers, Detectors and Associated Equipment},
  volume={984},
  pages={164630},
  year={2020},
  publisher={Elsevier}
}

@article{liu2021neutron,
  title={Neutron tomography of spent fuel casks},
  author={Liu, Zhihua and \textbf{Fang}, \textbf{Ming} and George, Jon and Meng, Ling-Jian and {Di Fulvio}, Angela},
  journal={Journal of Signal Processing Systems},
  pages={1--11},
  year={2021},
  publisher={Springer}
}

@article{eldaly2021bayesian,
  title={Bayesian Activity Estimation and Uncertainty Quantification of Spent Nuclear Fuel Using Passive Gamma Emission Tomography},
  author={Eldaly, Ahmed Karam and \textbf{Fang}, \textbf{Ming} and {Di Fulvio}, Angela and McLaughlin, Stephen and Davies, Mike E and Altmann, Yoann and Wiaux, Yves},
  journal={Journal of Imaging},
  volume={7},
  number={10},
  pages={212},
  year={2021},
  publisher={Multidisciplinary Digital Publishing Institute}
}

@article{bcs2022,
title = {Boron coated straw-based neutron multiplicity counter for neutron interrogation of TRISO fueled pebbles},
journal = {Annals of Nuclear Energy},
volume = {187},
pages = {109794},
year = {2023},
issn = {0306-4549},
doi = {https://doi.org/10.1016/j.anucene.2023.109794},
url = {https://www.sciencedirect.com/science/article/pii/S0306454923001135},
author = {\textbf{Ming Fang} and Jeff Lacy and Athanasios Athanasiades and Angela {Di Fulvio}},
keywords = {Boron-coated straw, Neutron multiplicity counter, TRISO, PBR, Neutron coincidence counting}
}

@article{bcs2023,
title = {Feasibility of neutron coincidence counting for spent TRISO fuel},
journal = {Annals of Nuclear Energy},
volume = {193},
pages = {110062},
year = {2023},
issn = {0306-4549},
doi = {https://doi.org/10.1016/j.anucene.2023.110062},
url = {https://www.sciencedirect.com/science/article/pii/S030645492300381X},
author = {\textbf{Ming Fang} and Angela {Di Fulvio}}
}

@article{leland2024enabling,
    title={Enabling pulse shape discrimination with commercial ASICs},
  author={Leland, John and \textbf{Ming Fang} and Pani, Satwik and Venturini, Yuri and Locatelli, Marco and Di Fulvio, Angela},
  journal={Nuclear Instruments and Methods in Physics Research Section A: Accelerators, Spectrometers, Detectors and Associated Equipment},
  pages={169438},
  year={2024},
  publisher={Elsevier}
}

@article{pebble_ide_2023,
  title={Rotation-invariant rapid TRISO-fueled pebble identification based on feature matching and point cloud registration},
    author = {\textbf{Ming Fang} and Angela {Di Fulvio}},
  journal={Annals of Nuclear Energy},
  volume={203},
  pages={110527},
  year={2024},
  publisher={Elsevier}
}

@article{gmvae_psd_2023,
title={A variational autoencoder for minimally-supervised pulse shape discrimination},
author = {Abdullah Abdulaziz and Jianxin Zhou and \textbf{Ming Fang} and Stephen McLaughlin and Yoann Altmann and Angela {Di Fulvio}},
  journal={Annals of Nuclear Energy},
  volume={204},
  pages={110496},
  year={2024},
  publisher={Elsevier},
}

@article{weiss2021effect,
      title={Effect of natural gamma background radiation on portal monitor radioisotope unmixing}, 
      author={Matthew Weiss and \textbf{Ming Fang} and Yoann Altmann and Marc G. Paff and Angela {Di Fulvio}},
      journal={Nuclear Instruments and Methods in Physics Research Section A: Accelerators, Spectrometers, Detectors and Associated Equipment},
      year={2021},
      publisher={Elsevier}
}

@article{cecilia2024,
title = {Statistical modelling and Bayesian inversion for a Compton imaging system: application to radioactive source localization},
journal = {Inverse Problems},
volume = {40},
pages = {125028},
year = {2024},
author = {Cecilia Tarpau and Ming Fang and Konstantinos C. Zygalakis and Marcelo Pereyra and Angela {Di Fulvio} and Yoann Altmann},
doi={10.1088/1361-6420/ad96de}
}

@article{fang2025physics,
  title={Physics-based forward model for near-real-time quantitative imaging of spent nuclear fuel assemblies},
  author={Fang, Ming and Virta, Riina and Dendooven, Peter and Altmann, Yoann and Di Fulvio, Angela},
  journal={Scientific reports},
  volume={15},
  number={1},
  pages={9896},
  year={2025},
  publisher={Nature Publishing Group UK London}
}

@article{PGET20250214,
title = "Physics-based forward model for near-real-time quantitative imaging of spent nuclear fuel assemblies",
journal = "Scientific Reports",
volume={15},
  number={1},
  pages={9896},
  year={2025},
doi = {10.1038/s41598-025-92287-z},
author = "\textbf{Ming Fang} and Peter Dendooven and Riina Virta and Yoann Altmann and Angela {Di Fulvio}"
}

@INPROCEEDINGS{MingPGETNSSMIC2024,
  author={\textbf{Ming Fang} and Dendooven, Peter and Virta, Riina and Altmann, Yoann and {Di Fulvio}, Angela},
  booktitle={2024 IEEE Nuclear Science Symposium (NSS), Medical Imaging Conference (MIC) and Room Temperature Semiconductor Detector Conference (RTSD)}, 
  title={Improved Reconstruction Quality of PGET Using a Linear-Inverse Approach}, 
  year={2024},
  volume={},
  number={},
  pages={1-1}
}

@INPROCEEDINGS{JohnFPGANSSMIC2024,
  author={Leland, John and Chappidi, Revanth and \textbf{Ming Fang} and {Di Fulvio}, Angela},
  booktitle={2024 IEEE Nuclear Science Symposium (NSS), Medical Imaging Conference (MIC) and Room Temperature Semiconductor Detector Conference (RTSD)}, 
  title={Image Reconstruction Algorithms on an FPGA}, 
  year={2024},
  volume={},
  number={},
  pages={1-1},
  doi={10.1109/NSS/MIC/RTSD57108.2024.10655534}}

@INPROCEEDINGS{MingTRISOANS2022,
 author = {\textbf{Ming Fang} and Angela {Di Fulvio}},
  booktitle={Transactions of the American Nuclear Society}, 
  title={Algorithms for TRISO Fuel Identification Based on X-ray CT}, 
  year={2022},
  volume={126},
  number={1},
  pages={245-247}
}

@INPROCEEDINGS{ANS2025Reactor,
 author = {\textbf{Ming Fang} and Anshuman Chaube and Keenan Harvis and Timothy Grunloh and Caleb Brooks and Tomasz Kozlowskiand and Angela {Di Fulvio}},
  booktitle={Proceedings of NPIC\&HMIT 2025}, 
  title={Reconstruct In-core Neutron Flux Distribution Using Ex-Core Detectors}, 
pages={1288-1294}
}

@INPROCEEDINGS{ANS2025FPGA,
  author = {Kholod H Mahmoud and John Leland and \textbf{Ming Fang} and Angela {Di Fulvio}},
  booktitle={Proceedings of NPIC\&HMIT 2025}, 
  title={FPGA-Based Log-Linear Amplifier for In-Core Neutron Instrumentation Front-End Electronicss}, 
pages={1282-1287}
}


@INPROCEEDINGS{MingTRISOANS2023,
 author = {\textbf{Ming Fang} and Angela {Di Fulvio}},
  booktitle={Proceedings of 2023 ANS Winter Conference and Expo}, 
  title={Experimental Methods for Tagging and Tracking TRISO-fueled Pebbles in Pebble-Bed Reactors}, 
    month={November},
  year={2023}
}

@INPROCEEDINGS{MingNMCINMM2022,
  booktitle={Proceedings of the INMM 63rd Annual Meeting}, 
  title={Boron Coated Straw-based Neutron Multiplicity Counter for Neutron Interrogation of TRISO Fueled Pebbles},
  author={\textbf{Ming Fang} and Angela {Di Fulvio}},
  year={2022},
  month={July},
  note={\textbf{Overall best paper award}, second place}
}

@INPROCEEDINGS{MingNMCINMM2023,
  booktitle={Proceedings of the INMM\&ESARDA 2023 Joint Annual Meeting}, 
  title={Demonstration of gamma ray insensitivity of boron coated straw-based neutron multiplicity counter},
  author={\textbf{Ming Fang} and Angela {Di Fulvio}},
  year={2023},
  month={May}
}

@INPROCEEDINGS{fanginmm2020,
  booktitle={Proceedings of the INMM 61st Annual Meeting}, 
  author = {\textbf{Ming Fang} and Daniele Della Latta and Yoann Altmann and Massimiliano Salvatori and Angela {Di Fulvio}},
  title = {{Computational Methods for Pin Identification in Passive Gamma Emmission Tomography}},
  year={2020},
  month={July}
}

@INPROCEEDINGS{ZhihuaINMM-ESARDA2021,
 booktitle={Proceedings of the INMM-ESARDA Joint Annual Meeting},
 author = {Zhihua Liu and \textbf{Ming Fang} and Angela {Di Fulvio}},
 title = {Feasibility Of Fast Neutron Imaging Of Spent Nuclear Fuel Dry Storage Casks},
 year = {2021},
 month = {August}
}

@INPROCEEDINGS{WeissINMM-ESARDA2021,
 booktitle={Proceedings of the INMM-ESARDA Joint Annual Meeting},
 author = {Matthew Weiss and \textbf{Ming Fang} and Yoann Altmann and Marc Paff and Angela {Di Fulvio}},
 title = {Unmixing Algorithms for the Identification of Radionuclide Signatures in the Presence of Natural Background and Shielded Materials },
 year = {2021},
 month = {August}
}

@INPROCEEDINGS{Jonieeenssmic2022,
  author={Jon Balajthy and Melinda Sweany and Thomas Weber and James Burkart and Joel Christiansen and Angela Di Fulvio and \textbf{Ming Fang} and Jacob Fritchie and Darlene Udoni},
  booktitle={2022 IEEE Nuclear Science Symposium and Medical Imaging Conference (NSS/MIC)}, 
  title={Characterization and Optimization of Silicon Photomultipliers for High Temperature Applications}, 
  year={2022},
  volume={},
  number={},
  pages={}
}

@INPROCEEDINGS{Jacobieeenssmic2022,
  author={Jacob Fritchie and \textbf{Ming Fang} and Jon Balajthy and Melinda Sweany and Thomas Weber and Angela {Di Fulvio}},
  booktitle={2022 IEEE Nuclear Science Symposium and Medical Imaging Conference (NSS/MIC)}, 
  title={Comparison of SiPM Properties and their Effect on Organic-scintillator based Detector Performance}, 
  year={2022},
  volume={},
  number={},
  pages={}
}


@INPROCEEDINGS{KholodieeeMIC2023,
    author={Kholod Mahmoud and \textbf{Ming Fang} and Ashish Avachat and Angela {Di Fulvio}},
    booktitle = {2023 IEEE Nuclear Science Symposium and Medical Imaging Conference (NSS/MIC)},
    title={Positron Annihilation Lifetime Spectroscopy and GEANT4 Simulation of Positronium (Ps) Lifetime in Soft Tissues}, 
    year = {2023},
    volume={},
      number={},
      pages={}
}

@INPROCEEDINGS{MingIEEENSS2022,
 author = {\textbf{Ming Fang} and Angela {Di Fulvio}},
  booktitle={2022 IEEE Nuclear Science Symposium and Medical Imaging Conference (NSS/MIC)}, 
  title={Simulation of Charge Collection in a Boron-coated Straw Detector for Emerging Fuel Cycles}, 
  year={2022},
  volume={},
  number={},
  pages={}
}

@INPROCEEDINGS{MingIEEENSS2021,
 author = {\textbf{Ming Fang} and Satwik Pani and Angela {Di Fulvio}},
  booktitle={2021 IEEE Nuclear Science Symposium and Medical Imaging Conference (NSS/MIC)}, 
  title={Enabling PSD-capability for a High-density Channel Imager}, 
  year={2021},
  volume={},
  number={},
  pages={1-4},
  doi={10.1109/NSS/MIC44867.2021.9875505}
}

@INPROCEEDINGS{MingIEEENSS2020,
  author = {\textbf{Ming Fang} and Yoann Altmann and Daniele Della Latta and Massimiliano Salvatori and Angela {Di Fulvio}},
  booktitle={2020 IEEE Nuclear Science Symposium and Medical Imaging Conference (NSS/MIC)}, 
  title={Attenuation and Scattering Correction in Passive Gamma Emission Tomography Reconstruction}, 
  year={2020},
  volume={},
  number={},
  pages={1-4},
  doi={10.1109/NSS/MIC42677.2020.9508090}
}

@inproceedings{2019IEEENSSMIC,
  title={Positron annihilation lifetime spectroscopy using fast scintillators and digital electronics (poster)},
  author={},
  address = {Manchester, UK},
  month = {November},
  year = {2019},
  organization={2019 IEEE Nuclear Science Symposium and Medical Imaging Conference}
}

@inproceedings{2020INMM,
  title={Computational Methods For Pin Identification In Passive Gamma Emmission Tomography (oral)},
  author={},
  address = {Virtual Conference},
  month = {July},
  year = {2020},
 organization = {INMM 61st Annual Meeting}
}

@inproceedings{2020IEEENSSMIC,
  title={Comparison of Image Reconstruction Methods for Simulated Passive Gamma Emission Tomography (oral)},
  author={},
  address = {Virtual Conference},
  month = {November},
  year = {2020},
 organization = {2020 IEEE Nuclear Science Symposium and Medical Imaging Conference}
}

@inproceedings{2021IEEENSSMIC,
  title={Enabling PSD-capability for a High-density Channel Imager (oral)},
  author={},
  address = {Virtual Conference},
  month = {December},
  year = {2021},
 organization = {2021 IEEE Nuclear Science Symposium and Medical Imaging Conference}
}

@inproceedings{MingTRISOANSstudent2021,
 author = {\textbf{Ming Fang} and Angela {Di Fulvio}} ,
 title = {{Multi-Mode Imaging for TRISO-fueled Pebble Identification}},
 year = {2021},
 editor = {},
 volume = {},
 series = {},
 address = {},
 month = {April},
 publisher = {},
 organization = {ANS Student Conference 2021},
 note = {},
}

@inproceedings{ZhihuaANSstudent2021,
 author = {Zhihua Liu and \textbf{Ming Fang} and Angela {Di Fulvio}} ,
 title = {{Fast Neutron Interrogation for Spent Nuclear Fuel Dry Storage Cask Monitoring}},
 year = {2021},
 editor = {},
 volume = {},
 series = {},
 address = {},
 month = {April},
 publisher = {},
 organization = {ANS Student Conference 2021}
}

@inproceedings{SatwikANSstudent2021,
 author = {Satwik Pani and \textbf{Ming Fang} and Angela {Di Fulvio}} ,
 title = {{Pulse Shape Discrimination with Pulse Shaping through ASICs}},
 year = {2021},
 editor = {},
 volume = {},
 series = {},
 address = {},
 month = {April},
 publisher = {},
 organization = {ANS Student Conference 2021}
}

@inproceedings{TRISOANS2022,
 title = {{Algorithms for TRISO Fuel Identification Based on X-ray CT (oral)}},
 author={},
    address = {Anaheim, CA, USA},
    month = {June},
    year = {2022},
 organization = {2022 ANS Annual Meeting},
 note = {},
}

@inproceedings{TRISOANS2021,
  title={Multi-Mode Imaging for TRISO-fueled Pebble Identification (oral)},
  author={},
  address = {Virtual Conference},
  month = {April},
  year = {2021},
 organization = {ANS Student Conference 2021}
}

@inproceedings{NMCINMM2022,
  title={Boron Coated Straw-based Neutron Multiplicity Counter for Neutron Interrogation of TRISO Fueled Pebbles (oral)},
  author={},
  address = {Virtual Conference},
  month = {July},
  year = {2022},
 organization = {INMM 63rd Annual Meeting}
}

@inproceedings{NMCINMM2023,
  title={Demonstration of Gamma Ray Insensitivity of Boron Coated Straw-based Neutron Multiplicity Counter (oral)},
  author={},
  address = {Vienna, Austria},
  month = {May},
  year = {2023},
 organization = {INMM\&ESARDA 2023 Joint Annual Meeting}
}

@inproceedings{2022IEEENSSMIC,
  title={Boron-Coated Straw-based Neutron Multiplicity Counter for Emerging Fuel Cycles (oral)},
  author={},
  address = {Milano, Italy},
  month = {November},
  year = {2022},
 organization = {2022 IEEE Nuclear Science Symposium, Medical Imaging Conference and Room Temperature Semiconductor Detector Conference}
}

@inproceedings{SIAMIS2024,
  title={An Online Bayesian Algorithm for Tracking Radiation Sources with the Compton Imager (oral)},
  author={},
  address = {Atlanta, GA, USA},
  month = {May},
  year = {2024},
 organization = {SIAM Conference on Imaging Science}
}

@inproceedings{2024IEEENSSMIC,
  title={Improved Reconstruction Quality of PGET Using a Linear-Inverse Approach (oral)},
  author={},
  address = {Tampa, FL, USA},
  month = {October},
  year = {2024},
 organization = {2024 IEEE Nuclear Science Symposium, Medical Imaging Conference and Room Temperature Semiconductor Detector Conference}
}

@inproceedings{2025IEEENSSMIC,
  title={Improved Reconstruction Quality of PGET Through Spectrum Unfolding (oral)},
  author={},
  address = {Yokohama, Japan},
  month = {November},
  year = {2025},
 organization = {2025 IEEE Nuclear Science Symposium, Medical Imaging Conference and Room Temperature Semiconductor Detector Conference}
}

@inproceedings{2025ANSReactor,
  title={Reconstruct In-core Neutron Flux Distribution Using Ex-Core Detectors (oral)}, 
author={},
  address = {Chicago, IL, USA},
  month = {June},
  year = {2025},
 organization = {Nuclear Plant Instrumentation and Control \& Human-Machine Interface Technology (NPIC\&HMIT 2025)}
}

@inproceedings{2024CTWorkshop,
  title={Identification of TRISO-Fueled Pebbles in Advanced Nuclear Reactors using X-ray CT},
  author={},
  address = {Urbana, IL, USA},
  month = {Sepetember},
  year = {2024},
 organization = {X-ray Computed Tomography Workshop}
}

@inproceedings{2025SPIE,
  title={EINSTEIN: Enhanced integrated nuclear systems for transmutation and efficient isolation of nuclides},
  author={},
  address = {San Diego, CA, USA},
  month = {August},
  year = {2025},
 organization = {SPIE Optics + Photonics 2025}
}